@article{Newton1687,
  author  = {I. Newton},
  journal = {Philosophiæ Naturalis Principia Mathematica},
  title   = {Axioms or Laws of Motion},
  year    = {1687}
}

@misc{SpaceXBlueprint,
  title   = {Space X Blueprint},
  year    = {2021},
  url     = {https://id.pinterest.com/pin/344032859037191430/},
  urldate = {2021-01-26}
}

@misc{ESDM2024,
  author  = {Kementerian Energi dan Sumber Daya Mineral (ESDM)},
  title   = {Konsumsi Listrik Masyarakat Meningkat, Tahun 2023 Capai 1.285 kWh/Kapita},
  year    = {2024},
  note    = {REPUBLIK INDONESIA, Siaran Pers, NOMOR: 28.Pers/04/SJI/2024, Tanggal: 15 Januari 2024},
  url     = {https://www.esdm.go.id/siaran-pers/konsumsi-listrik-masyarakat-2023},
  urldate = {2024-10-04}
}

@book{PLN2023,
  title     = {Buku Statistik PLN 2023},
  author    = {Perusahaan Listrik Negara (PLN)},
  year      = {2024},
  publisher = {Perusahaan Listrik Negara (PLN)},
  address   = {Jakarta},
  month     = {6}
}

@article{Bailey2022,
  author  = {Bailey, Rachel C. and Leonhardt, Roman and Möstl, Christian and Beggan, Ciaran and Reiss, Martin A. and Bhaskar, Abhijit and Weiss, Alexander J.},
  title   = {Forecasting GICs and Geoelectric Fields from Solar Wind Data Using LSTMs: Application in Austria},
  journal = {Space Weather},
  year    = {2022},
  volume  = {20},
  number  = {3},
  pages   = {e2021SW002907},
  doi     = {10.1029/2021SW002907}
}

@article{Aksenovich2022,
  author  = {Aksenovich, T. and Bilin, V. and Saharov, Y. and Selivanov, V. N.},
  title   = {Wavelet analysis of geomagnetically induced currents during the strong geomagnetic storms},
  journal = {Russian Journal of Earth Sciences},
  year    = {2022},
  pages   = {1-12},
  doi     = {10.2205/2022es000825}
}

@article{Kalathiripi2017,
  author  = {Kalathiripi, H. and Karmakar, S.},
  title   = {Analysis of transformer oil degradation due to thermal stress using optical spectroscopic techniques},
  journal = {International Transactions on Electrical Energy Systems},
  year    = {2017},
  volume  = {27},
  issue   = {9},
  pages   = {e2346},
  doi     = {10.1002/etep.2346}
}

@article{Li2017,
  author  = {Li, B. and Lu, N. and He, Y.},
  title   = {The contact performance analysis of disconnecting switch's fixed contact},
  journal = {Proceedings of the 2017 International Conference on Electronic Industry and Automation (EIA 2017)},
  year    = {2017},
  doi     = {10.2991/eia-17.2017.13}
}

@article{ASUMO2023,
  title    = {ASUMO Project: All the way from design to maintenance},
  author   = {Redeia},
  year     = {2023},
  month    = {5},
  url      = {https://www.elewit.ventures/en/news/asumo-project},
  note     = {Diakses: 29 Desember 2025},
  abstract = {The ASUMO project is a cross-sectional initiative within Redeia that promotes the digitization and real-time management of substation assets, improving response times to incidents, optimizing processes of infrastructure development, and enhancing safety through advanced technologies like IoT, AI, and data analytics.}
}

@article{Cruz2021,
  author         = {Cruz Ulloa, Christyan and Prieto Sánchez, Guillermo and Barrientos, Antonio and Del Cerro, Jaime},
  title          = {Autonomous Thermal Vision Robotic System for Victims Recognition in Search and Rescue Missions},
  journal        = {Sensors},
  volume         = {21},
  year           = {2021},
  number         = {21},
  article-number = {7346},
  url            = {https://www.mdpi.com/1424-8220/21/21/7346},
  pubmedid       = {34770654},
  issn           = {1424-8220},
  doi            = {10.3390/s21217346}
}

@inproceedings{Prieto2022,
  author    = {Prieto, A. and Rodriguez, I. and Rodas, J. and Paiva, E. and Gregor, R. and Chaparro, E. and Prieto-Araujo, E.},
  booktitle = {2022 IEEE International Conference on Automation/XXV Congress of the Chilean Association of Automatic Control (ICA-ACCA)},
  title     = {Image Processing Technique Applied to Electrical Substations Based on Drones With Thermal Vision for Predictive Maintenance},
  year      = {2022},
  pages     = {1-6},
  doi       = {10.1109/ICA-ACCA56767.2022.10006138}
}

@article{Chen2022,
  author  = {Chen, Kenny and Lopez, Brett T. and Agha-mohammadi, Ali-akbar and Mehta, Ankur},
  journal = {IEEE Robotics and Automation Letters},
  title   = {Direct LiDAR Odometry: Fast Localization With Dense Point Clouds},
  year    = {2022},
  volume  = {7},
  number  = {2},
  pages   = {2000-2007},
  doi     = {10.1109/LRA.2022.3142739}
}

@article{tambunan2023kerja,
  title   = {KERJA PEMBEBANAN DAN TEMPERATUR TERHADAP SUSUT UMUR TRANSFORMATOR TENAGA 150/20 kV 60 MVA},
  author  = {Tambunan, Juara Mangapul and Hariyanto, Agung and Tindra, Wahyu Kurniadi},
  journal = {Teknik Elektro, STT-PLN},
  year    = {2023},
  email1  = {juaramangapult_stmsi@yahoo.com},
  email2  = {agung_hariyanto@gmail.com},
  email3  = {wahyukt@gmail.com}
}

@article{Kartika2022,
  author  = {Kartika, M. and Bangsa, I. A.},
  title   = {Pemeliharaan preventif kubikel cbog 20 kv di pt pln (persero) up3 bekasi uid jawa barat},
  journal = {Je-Unisla},
  year    = {2022},
  volume  = {7},
  issue   = {2},
  pages   = {63},
  doi     = {10.30736/je-unisla.v7i2.835}
}

@article{Suputra2024,
  author  = {Suputra Widharma, I. G. and Alit WS, P. and Indah Cahya Dewi, D. and Sajayasa, I. and Sunaya, I. and Sangka, I.},
  title   = {Studi pengaruh pemasangan sistem counterpoise pada lightning arrester di gardu distribusi berbasis software etap},
  journal = {Jurnal Ilmiah Vastuwidya},
  year    = {2024},
  volume  = {7},
  issue   = {1},
  pages   = {08-14},
  doi     = {10.47532/jiv.v7i1.1011}
}

@book{Sugiyono2019,
  author    = {Sugiyono},
  title     = {Metode Penelitian dan Pengembangan: Research and Development (R\&D)},
  year      = {2019},
  publisher = {Alfabeta},
  address   = {Bandung},
  isbn      = {978-602-289-158-1},
  language  = {Indonesian},
  subject   = {Research Methods}
}

@thesis{zidan2022,
  author     = {Achmad Zidan Akbar},
  title      = {Autonomous Surface Vehicle Pencari Korban Kecelakaan Laut Berbasis Computer Vision},
  year       = {2022},
  school     = {Institut Teknologi Sepuluh Nopember},
  department = {Departemen Teknik Informatika},
  program    = {S-1 Teknik Informatika},
  address    = {Surabaya},
  number     = {184802}
}
